<?xml version='1.0' encoding='UTF-8'?>
<record xmlns="http://www.loc.gov/MARC21/slim">
  <leader>00962cam a2200193 a 4500</leader>
  <controlfield tag="001">4146349</controlfield>
  <controlfield tag="003">NjP</controlfield>
  <controlfield tag="005">20180412173900.0</controlfield>
  <controlfield tag="008">040406s1954    ua            000 0cara d</controlfield>
  <datafield tag="024" ind1="7" ind2=" ">
    <subfield code="a">princeton_aco002376</subfield>
    <subfield code="2">local</subfield>
  </datafield>
  <datafield ind1=" " ind2=" " tag="040">
    <subfield code="a">NjP</subfield>
    <subfield code="c">NjP</subfield>
  </datafield>
  <datafield ind1=" " ind2=" " tag="043">
    <subfield code="a">e-sp---</subfield>
  </datafield>
  <datafield ind1="1" ind2=" " tag="100">
    <subfield code="a">Ibn al-Faraḍī, ʻAbd Allāh ibn Muḥammad,</subfield>
    <subfield code="d">962-1013.</subfield>
    <subfield code="0">http://id.loc.gov/authorities/names/n85370059</subfield>
  </datafield>
  <datafield ind1="1" ind2="0" tag="245">
    <subfield code="a">Tārīkh al-ʻulamāʾ wa-al-ruwāh lil-ʻilm bi-al-Andalus /</subfield>
    <subfield code="c">lil-Ḥāfiẓ Abī al-Walīd ʻAbd Allāh ibn Muḥammad ibn Yūsuf al-Azdī al-maʻrūf bi-Ibn al-Faraḍī ; ʻuniyá bi-nashrihi wa-ṣaḥḥaḥahu wa-waqafa ʻalá ṭabʻih ʻIzzat al-ʻAṭṭār al-Ḥusaynī.</subfield>
  </datafield>
  <datafield ind1=" " ind2=" " tag="260">
    <subfield code="a">al-Qāhirah :</subfield>
    <subfield code="b">[s.n.],</subfield>
    <subfield code="c">1954.</subfield>
  </datafield>
  <datafield ind1=" " ind2=" " tag="300">
    <subfield code="a">2 v. ;</subfield>
    <subfield code="c">25 cm.</subfield>
  </datafield>
  <datafield ind1=" " ind2="0" tag="650">
    <subfield code="a">Ulama</subfield>
    <subfield code="z">Spain</subfield>
    <subfield code="v">Biography.</subfield>
  </datafield>
  <datafield ind1=" " ind2="0" tag="650">
    <subfield code="a">Muslims</subfield>
    <subfield code="z">Spain</subfield>
    <subfield code="v">Biography.</subfield>
  </datafield>
  <datafield ind1="1" ind2=" " tag="700">
    <subfield code="a">Ḥusaynī, ʻIzzat al-ʻAṭṭār.</subfield>
  </datafield>
  <datafield ind1=" " ind2=" " tag="902">
    <subfield code="a">jab</subfield>
    <subfield code="b">r</subfield>
    <subfield code="6">a</subfield>
    <subfield code="7">m</subfield>
    <subfield code="d">v</subfield>
    <subfield code="f">0</subfield>
    <subfield code="e">20040406</subfield>
  </datafield>
  <datafield ind1="0" ind2=" " tag="852">
    <subfield code="0">4419075</subfield>
    <subfield code="b">nec</subfield>
    <subfield code="h">DP103.7</subfield>
    <subfield code="i">.I2652 1954</subfield>
  </datafield>
  <datafield ind1=" " ind2="0" tag="866">
    <subfield code="0">4419075</subfield>
    <subfield code="a">v. 1-v. 2</subfield>
  </datafield>
  <datafield ind1=" " ind2=" " tag="959">
    <subfield code="a">2009-07-06 15:21:06 -0400</subfield>
  </datafield>
</record>
